<?xml version="1.0" encoding="UTF-8"?><collection xmlns="http://www.loc.gov/MARC21/slim"><record><leader>00389nam--2200157-i-4500</leader><controlfield tag="001">000003367</controlfield><controlfield tag="002">20161230</controlfield><controlfield tag="005">20170118181222</controlfield><controlfield tag="008">060222s1000------------r-----000-0-eng-d</controlfield><datafield ind1=" " ind2=" " tag="100"><subfield code="a">Chapman, Sydney</subfield></datafield><datafield ind1=" " ind2=" " tag="245"><subfield code="a">Geomagnetism. Vol. 2</subfield></datafield><datafield ind1=" " ind2=" " tag="260"><subfield code="a">Oxford</subfield><subfield code="b">Clarendon Press</subfield><subfield code="c">[1951]</subfield></datafield><datafield ind1=" " ind2=" " tag="300"><subfield code="a">X + /544-1049/p</subfield></datafield><datafield ind1=" " ind2=" " tag="700"><subfield code="a">Bartels, Julius</subfield></datafield><datafield ind1=" " ind2=" " tag="852"><subfield code="a">3618</subfield></datafield><datafield ind1=" " ind2=" " tag="CAT"><subfield code="a">SYS</subfield><subfield code="c">20170118</subfield><subfield code="h">181222</subfield></datafield></record></collection>